<?xml version="1.0" encoding="UTF-8"?><record xmlns="http://www.loc.gov/MARC21/slim" xmlns:cinclude="http://apache.org/cocoon/include/1.0" xmlns:zs="http://www.loc.gov/zing/srw/">
  <leader>01259cz  a2200265n  4500</leader>
  <controlfield tag="001">n  86839310 </controlfield>
  <controlfield tag="003">DLC</controlfield>
  <controlfield tag="005">20150308122619.0</controlfield>
  <controlfield tag="008">860711n| azannaabn          |a aaa      </controlfield>
  <datafield tag="010" ind1=" " ind2=" ">
    <subfield code="a">n  86839310 </subfield>
  </datafield>
  <datafield tag="035" ind1=" " ind2=" ">
    <subfield code="a">(OCoLC)oca01634756</subfield>
  </datafield>
  <datafield tag="040" ind1=" " ind2=" ">
    <subfield code="a">DLC</subfield>
    <subfield code="b">eng</subfield>
    <subfield code="e">rda</subfield>
    <subfield code="c">DLC</subfield>
    <subfield code="d">OCoLC</subfield>
    <subfield code="d">IEN</subfield>
  </datafield>
  <datafield tag="046" ind1=" " ind2=" ">
    <subfield code="f">1860</subfield>
    <subfield code="g">1921</subfield>
  </datafield>
  <datafield tag="100" ind1="1" ind2=" ">
    <subfield code="a">Marin, Eugène</subfield>
  </datafield>
  <datafield tag="374" ind1=" " ind2=" ">
    <subfield code="a">Priests</subfield>
    <subfield code="a">Teachers</subfield>
    <subfield code="2">lcsh</subfield>
  </datafield>
  <datafield tag="375" ind1=" " ind2=" ">
    <subfield code="a">male</subfield>
  </datafield>
  <datafield tag="377" ind1=" " ind2=" ">
    <subfield code="a">fre</subfield>
  </datafield>
  <datafield tag="400" ind1="1" ind2=" ">
    <subfield code="a">Marin, Chanoine Blaise-Eugène</subfield>
  </datafield>
  <datafield tag="400" ind1="1" ind2=" ">
    <subfield code="a">Marin, E.</subfield>
    <subfield code="q">(Eugène)</subfield>
  </datafield>
  <datafield tag="400" ind1="1" ind2=" ">
    <subfield code="a">Marin, Eug.</subfield>
  </datafield>
  <datafield tag="400" ind1="1" ind2=" ">
    <subfield code="a">Marin, Eugène</subfield>
    <subfield code="q">(Chanoine Blaise-Eugène)</subfield>
  </datafield>
  <datafield tag="670" ind1=" " ind2=" ">
    <subfield code="a">nuc86-63764: His Mgr Hacquard des Pères ... [MI] 1919?</subfield>
    <subfield code="b">(hdg. on CtY-D rept.: Marin, Eugène; usage: Eug. Marin)</subfield>
  </datafield>
  <datafield tag="670" ind1=" " ind2=" ">
    <subfield code="a">Mgr Hacquard des Pères Blancs (1860-1901), 1919:</subfield>
    <subfield code="b">title page (Abbé Eug. MARIN)</subfield>
  </datafield>
  <datafield tag="670" ind1=" " ind2=" ">
    <subfield code="a">OCLC, Mar. 6, 2015</subfield>
    <subfield code="b">(access points: Marin, Eugène; Marin, Eugène, b. 1860; Marin, Eugène, 1860-1921; Marin, Eugène (Chanoine Blaise-Eugène); Marin, Eugène, L'abbé; usage: l'abbé Marin; l'Abbé E. Marin; Eugène Marin; thesis 1897, Faculté des lettres, Université de Nancy)</subfield>
  </datafield>
  <datafield tag="670" ind1=" " ind2=" ">
    <subfield code="a">Algérie - Sahara - Soudan, 1905:</subfield>
    <subfield code="b">title page (l'Abbé MARIN, professeur au Collège de La Malgrange) page xviii (E. Marin)</subfield>
  </datafield>
</record>